@article{Cann95,
    author = {Cannataro, Mario and Di Gregorio, Salvatore and Rongo, Rocco and Spataro, William and Spezzano, Giandomenico and Talia, Domenico},
    year = {1995},
    month = {01},
    pages = {803-823},
    title = {A Parallel Cellular Automata Environment on Multicomputers for Computational Science.},
    volume = {21},
    journal = {Parallel Computing}
}