@article{Cann95,
    author = {Cannataro, Mario and Di Gregorio, Salvatore and Rongo, Rocco and Spataro, William and Spezzano, Giandomenico and Talia, Domenico},
    year = {1995},
    month = {01},
    pages = {803-823},
    title = {A Parallel Cellular Automata Environment on Multicomputers for Computational Science.},
    volume = {21},
    journal = {Parallel Computing}
}
@book{neumann,
    title = {Theory of Self-Reproducing Automata},
    author = {John Von Neumann},
    year = {1966},
    publisher = {University of Illinois Press},
}
@article{HARGROVE2000243,
    title = {Simulating fire patterns in heterogeneous landscapes},
    journal = {Ecological Modelling},
    volume = {135},
    number = {2},
    pages = {243-263},
    year = {2000},
    author = {W.W Hargrove and R.H Gardner and M.G Turner and W.H Romme and D.G Despain},
}
@article{Gregorio96aparallel,
    author = {S. Di Gregorio and R. Rongo and W. Spataro and G. Spezzano and D. Talia},
    title = {A Parallel Cellular Simulator for Bioremediation of Contaminated Soils},
    year = {1996},
    journal = {Transactions on Ecology and the Environment},
    volume = {10},
    number = {2},
    pages = {685--694}
}
@inproceedings{Talia2007CellularA,
  title={Cellular Automata + Parallel Computing = Computational Simulation},
  author={Domenico Talia},
  year={2007}
}
@inproceedings{Adamatzky2010GameOL,
  title={Game of Life Cellular Automata},
  author={Andrew Adamatzky},
  year={2010}
}
@article{Daily2014OnTS,
  title={On the suitability of MPI as a PGAS runtime},
  author={Jeff A. Daily and Abhinav Vishnu and Bruce J. Palmer and Hubertus Van Dam and Darren J. Kerbyson},
  journal={2014 21st International Conference on High Performance Computing (HiPC)},
  year={2014},
  pages={1-10}
}